@misc{formula_student, 
    title       = {Formula student},
    url         = {https://en.wikipedia.org/wiki/Formula_Student}, 
    journal     = {Wikipedia}, 
    publisher   = {Wikimedia Foundation}, 
    year        = {2022}, 
    month       = {April},
}

@misc{sergio,
    title       = {Estudi i anàlisi del tren de potència del cotxe de Formula Student CAT14},
    url         = {https://upcommons.upc.edu/handle/2117/367665}, 
    author      = {Ibáñez Soto, Sergio},
    year        = {2022},
    type        = {Bachelor's Thesis},
}

@misc{inversor_eebe,
    title       = {Diseño e implementación de un inversor trifásico para controlar un motor PMSM},
    url         = {https://upcommons.upc.edu/handle/2117/169008}, 
    author      = {Clos Garrido, Jordi and Arranz Pérez, Pau},
    month       = {June},
    year        = {2018},
    type        = {Bachelor's Thesis},
}

@misc{can-utils,
    title       = {CAN-utils},
    url         = {https://github.com/linux-can/can-utils},
    year        = {2022}, 
    month       = {May},
}

@misc{zynq, 
    title       = {Zynq-7000 SoC Technical Reference Manual},
    url         = {https://docs.xilinx.com/v/u/en-US/ug585-Zynq-7000-TRM}, 
    journal     = {Xilinx Documentation Portal}, 
    year        = {2021},
    publisher   = {Xilinx},
} 

@misc{model_composer, 
    title       = {Model Composer and System Generator User Guide},
    url         = {https://docs.xilinx.com/r/2020.2-English/ug1483-model-composer-sys-gen-user-guide/Revision-History}, 
    journal     = {Xilinx Documentation Portal}, 
    year        = {2020},
    publisher   = {Xilinx},
}

@misc{coraz7, 
    title       = {Cora Z7 Reference},
    url         = {https://digilent.com/reference/programmable-logic/cora-z7/start}, 
    journal     = {Digilent Reference}, 
    year        = {2017},
    publisher   = {Digilent},
} 

@misc{zturn, 
    title       = {MYIR Z-Turn Reference},
    url         = {http://www.myirtech.com/list.asp?id=502}, 
    journal     = {MYIR webpage}, 
    year        = {2017},
    publisher   = {MYIR},
} 

@misc{chandana,
    author      = {Perera, Chandana},
    title       = {Sensorless Control of Permanent-Magnet Synchronous Motor Drives},
    year        = {2002},
    publisher   = {Institute Of Energy Technology, Aalborg University},
}

@manual{fs_rules,
    author       = {Formula Student Germany},
    url          = {https://www.formulastudent.de/fileadmin/user_upload/all/2022/rules/FS-Rules_2022_v1.0.pdf},
    title        = {Formula Student Rules},
    year         = {2002},
    revision     = {1.0},
}

@misc{cpp,
    title       = {C++ Concurrency in Action},
    subtitle    = {Practical Multitheading},
    author      = {Anthony Williams},
    year        = {2012},
}

@unpublished{mikel,
    author      = {Aceldegui Bernal, Mikel},
    note        = {BCN eMotorsport internal document},
    title       = {Diseño y Desarrollo del Inversor Eléctrico para Formula Student 2021-2022},
    type        = {Master's Thesis},
    year        = {2022},
}

@unpublished{quim,
    author      = {Quim Pérez},
    note        = {BCN eMotorsport internal document},
    title       = {Diseño y Desarrollo del Inversor Eléctrico para Formula Student 2020-2021},
    year        = {2021},
    type        = {Master's Thesis},
}

@misc{bcn_emotorsport, 
    title       = {BCN eMotorsport},
    url         = {https://bcnemotorsport.upc.edu}, 
    journal     = {BCN eMotorsport}, 
    publisher   = {BCN eMotorsport},
    year        = {2022}, 
    month       = {April},
} 

@misc{lex,
    title       = {Bjarne Stroustrup: C++ at Lex Fridman Podcast \#48},
    author      = {Stroustrup, Bjarne and Fridman, Lex},
    url         = {https://www.youtube.com/watch?v=uTxRF5ag27A},
    year        = {2019},
    month       = {November},
}

@article{pll, 
    author      = {Sun, Jun-Di and Cao, Guang-Zhong and Huang, Su-Dan and Qiu, Hong}, 
    booktitle   = {2016 13th International Conference on Ubiquitous Robots and Ambient Intelligence (URAI)},   
    title       = {Software-based resolver-to-digital converter using the PLL tracking algorithm},   
    year        = {2016},  
    journal     = {IEEE},
    pages       = {719-723},  
    doi         = {10.1109/URAI.2016.7734100},
}

@misc{trondheim,
    title       = {Design and Testing of a Race Car Inverter},
    authors     = {Anders Holter Bjørkto and Simen August Tinderholt},
    year        = {2006},
    month       = {July},
}

@article{fpga_paper,
    author      = {Tufekci, Burak and Onal, Bugra and Dere, Hamza and Ugurdag, H. Fatih},
    booktitle   = {2020 IEEE East-West Design & Test Symposium (EWDTS)}, 
    title       = {Efficient FPGA Implementation of Field Oriented Control for 3-Phase Machine Drives}, 
    journal     = {IEEE},
    year        = {2020},
    pages       = {1-5},
    doi         = {10.1109/EWDTS50664.2020.9224884},
}

@conference{pi_fpga,
    author      = {Michal Kocúr, Š. Kozák, Branislav Dvorscak},
    title       = {Design and Implementation of FPGA - digital based PID controller},
    editor      = {},
    month       = {May},
    year        = {2014},
    booktitle   = {},
}

@manual{lenze,
    title         = {Lenze MOBILE DCU Hardware Manual},
    author        = {Lenze Schmidhauser},
    year          = {2018},
    url           = {https://www.manualslib.com/manual/1554021/Lenze-Mobile-Dcu.html},  
}

@misc{socketCAN,
    author       = {Linux Foundation},
    url          = {https://docs.kernel.org/networking/can.html},
    title        = {SocketCAN documentation},
    month        = {June},
    year         = {2022},
}

@article{power_fpga,
    author       = {Elias Todorovich, Gustavo Sutter and Boemo, Eduardo},
    url          = {http://arantxa.ii.uam.es/~ivan/02004-jcra04-power-fpga.pdf},
    title        = {Design of Power Aware FPGA-based Systems},
    journal      = {Universidad Autónoma de Madrid},
    year         = {2004},
}   

@manual{rtd,
    author       = {Analog Devices},
    title        = {Variable Resolution, 10-Bit to 16-Bit R/D Converter with Reference Oscillator},
    url          = {https://www.analog.com/en/products/ad2s1210.html?doc=AD2S1210.pdf},
}